@inproceedings{setty2013hidden,
  title={The hidden pub/sub of spotify: (industry article)},
  author={Setty, Vinay and Kreitz, Gunnar and Vitenberg, Roman and Van Steen, Maarten and Urdaneta, Guido and Gim{\aa}ker, Staffan},
  booktitle={Proceedings of the 7th ACM international conference on Distributed event-based systems},
  pages={231--240},
  year={2013}
}

@INPROCEEDINGS{9776765,
  author={Gulmatico, Joshua S. and Susa, Julie Ann B. and Malbog, Mon Arjay F. and Acoba, Aimee and Nipas, Marte D. and Mindoro, Jennalyn N.},
  booktitle={2022 Second International Conference on Power, Control and Computing Technologies (ICPC2T)}, 
  title={SpotiPred: A Machine Learning Approach Prediction of Spotify Music Popularity by Audio Features}, 
  year={2022},
  volume={},
  number={},
  pages={1-5},
  doi={10.1109/ICPC2T53885.2022.9776765}}
  
 @inproceedings{inproceedings,
author = {Araujo, Carlos and Cristo, Marco and Giusti, Rafael},
year = {2019},
month = {09},
pages = {141-148},
title = {Predicting Music Popularity on Streaming Platforms},
doi = {10.5753/sbcm.2019.10436}
}